<record xmlns="http://www.loc.gov/MARC21/slim" xmlns:xsi="http://www.w3.org/2001/XMLSchema-instance" xsi:schemaLocation="http://www.loc.gov/MARC21/slim http://www.loc.gov/standards/marcxml/schema/MARC21slim.xsd"><leader>01779nam a2200373   4500</leader><controlfield tag="001">3073931</controlfield><controlfield tag="003">NNC</controlfield><controlfield tag="006">m        d        </controlfield><controlfield tag="007">cr cn |||m|||a</controlfield><controlfield tag="008">150110s1939    ua      o     000 0 arard</controlfield><datafield ind1=" " ind2=" " tag="040"><subfield code="a">NNU</subfield><subfield code="b">eng</subfield><subfield code="e">rda</subfield><subfield code="c">NNU</subfield></datafield><datafield ind1="1" ind2=" " tag="100"><subfield code="6">880-01</subfield><subfield code="a">Ibn al-Athi&#772;r, D&#803;iya&#772;&#700; al-Di&#772;n Nas&#803;r Alla&#772;h ibn Muh&#803;ammad,</subfield><subfield code="d">1163-1239.</subfield></datafield><datafield ind1="1" ind2="3" tag="245"><subfield code="6">880-02</subfield><subfield code="a">al-Mathal al-sa&#772;&#700;ir.</subfield></datafield><datafield ind1=" " ind2=" " tag="260"><subfield code="6">880-03</subfield><subfield code="a">[al-Qa&#772;hirah]</subfield><subfield code="b">al-H&#803;alabi&#772;,</subfield><subfield code="c">1939.</subfield></datafield><datafield ind1=" " ind2=" " tag="300"><subfield code="a">online resource (2 volumes in 1.)</subfield></datafield><datafield ind1=" " ind2=" " tag="336"><subfield code="a">text</subfield><subfield code="2">rdacontent</subfield></datafield><datafield ind1=" " ind2=" " tag="337"><subfield code="a">computer</subfield><subfield code="2">rdamedia</subfield></datafield><datafield ind1=" " ind2=" " tag="338"><subfield code="a">online resource</subfield><subfield code="2">rdacarrier</subfield></datafield><datafield ind1=" " ind2=" " tag="500"><subfield code="a">Part of the Arabic Collections Online (ACO) project, contributed by Columbia University Libraries.</subfield></datafield><datafield ind1=" " ind2=" " tag="533"><subfield code="a">Electronic reproduction.</subfield><subfield code="b">New York, N.Y. :</subfield><subfield code="c">New York University,</subfield><subfield code="d">2015.</subfield><subfield code="5">NNU</subfield></datafield><datafield ind1=" " ind2="0" tag="650"><subfield code="a">Arabic literature</subfield><subfield code="x">History and criticism.</subfield></datafield><datafield ind1=" " ind2="7" tag="650"><subfield code="a">Arabic literature.</subfield><subfield code="2">fast</subfield><subfield code="0">(OCoLC)fst00812478</subfield></datafield><datafield ind1=" " ind2="7" tag="655"><subfield code="a">Criticism, interpretation, etc.</subfield><subfield code="2">fast</subfield><subfield code="0">(OCoLC)fst01411635</subfield></datafield><datafield ind1="1" ind2=" " tag="700"><subfield code="6">880-04</subfield><subfield code="a">&#699;Abd al-H&#803;ami&#772;d, Muh&#803;ammad Muh&#803;yi&#772; al-Di&#772;n. </subfield></datafield><datafield ind1="2" ind2=" " tag="710"><subfield code="a">Columbia University.</subfield><subfield code="b">Libraries.</subfield></datafield><datafield ind1="0" ind2=" " tag="730"><subfield code="a">Arabic Collections Online.</subfield></datafield><datafield ind1="0" ind2="8" tag="776"><subfield code="i">Print version:</subfield><subfield code="a">Ibn al-Athi&#772;r, D&#803;iya&#772;&#700; al-Di&#772;n Nas&#803;r Alla&#772;h ibn Muh&#803;ammad, 1163-1239.</subfield><subfield code="t">al-Mathal al-sa&#772;&#700;ir</subfield><subfield code="w">(NNC)3073931</subfield><subfield code="w">(OCoLC)34380847</subfield></datafield><datafield ind1="4" ind2="0" tag="856"><subfield code="u">http://hdl.handle.net/2333.1/4mw6mbsm</subfield></datafield><datafield ind1="1" ind2=" " tag="880"><subfield code="6">100-01/r</subfield><subfield code="a">&#1575;&#1576;&#1606; &#1575;&#1604;&#1575;&#1579;&#1610;&#1585;&#1548; &#1590;&#1610;&#1575;&#1569; &#1575;&#1604;&#1583;&#1610;&#1606; &#1606;&#1589;&#1585; &#1575;&#1604;&#1604;&#1607; &#1576;&#1606; &#1605;&#1581;&#1605;&#1583;&#1548;</subfield><subfield code="d">1163-1239.</subfield></datafield><datafield ind1="1" ind2="2" tag="880"><subfield code="6">245-02/r</subfield><subfield code="a">&#1575;&#1604;&#1605;&#1579;&#1604; &#1575;&#1604;&#1587;&#1575;&#1574;&#1585;.</subfield></datafield><datafield ind1=" " ind2=" " tag="880"><subfield code="6">260-03/r</subfield><subfield code="a">[&#1575;&#1604;&#1602;&#1575;&#1607;&#1585;&#1577;]</subfield><subfield code="b">&#1575;&#1604;&#1581;&#1604;&#1576;&#1610;&#1548;</subfield><subfield code="c">1939.</subfield></datafield><datafield ind1="1" ind2=" " tag="880"><subfield code="6">700-04/r</subfield><subfield code="a">&#1593;&#1576;&#1583; &#1575;&#1604;&#1581;&#1605;&#1610;&#1583;&#1548; &#1605;&#1581;&#1605;&#1583; &#1605;&#1581;&#1610;&#1610; &#1575;&#1604;&#1583;&#1610;&#1606;.</subfield></datafield><datafield ind1=" " ind2=" " tag="959"><subfield code="a">NNU</subfield><subfield code="b">WEB</subfield><subfield code="c">GENI</subfield><subfield code="t">0</subfield><subfield code="m">Electronic access</subfield><subfield code="s">01</subfield></datafield><datafield ind1=" " ind2=" " tag="999"><subfield code="i">NNC_3073931</subfield><subfield code="o">(OCoLC)34380847</subfield></datafield></record>